@misc{radEn, author = "RealityPod.com", title = "Wikipedia Images", howpublished = "\url{http://realitypod.com/wp-content/uploads/2010/08/radial-engine-works.jpg}"}
@misc{solveTOI, author = "Box2D.org", title = "The Box2D Manual", howpublished = "\url{http://www.box2d.org/manual.html}"}
@misc{dynamicTree, author = "ProgramAndDesign.com", title = "Box2D 2.02 API Documentation", howpublished = "\url{http://programanddesign.com/box2d/classb2DynamicTree.html}"}
@misc{vdso, author = "Linix Man Pages ", title = "Linux Programmer's Manual", howpublished = "\url{http://man7.org/linux/man-pages/man7/vdso.7.html}"}
@misc{perfsite, author = "Perf Wiki", title = "The Perf Wiki", howpublished = "\url{https://perf.wiki.kernel.org/index.php/Main_Page}"}